<?xml version="1.0" encoding="UTF-8"?><record xmlns="http://www.loc.gov/MARC21/slim" xmlns:cinclude="http://apache.org/cocoon/include/1.0" xmlns:zs="http://www.loc.gov/zing/srw/">
  <leader>00835cz  a2200229n  4500</leader>
  <controlfield tag="001">n  86740663 </controlfield>
  <controlfield tag="003">DLC</controlfield>
  <controlfield tag="005">20130316084008.0</controlfield>
  <controlfield tag="008">890202n| azaaaaaa           |a ana      </controlfield>
  <datafield tag="010" ind1=" " ind2=" ">
    <subfield code="a">n  86740663 </subfield>
  </datafield>
  <datafield tag="022" ind1=" " ind2=" ">
    <subfield code="a">0276-8607</subfield>
  </datafield>
  <datafield tag="040" ind1=" " ind2=" ">
    <subfield code="a">DLC</subfield>
    <subfield code="b">eng</subfield>
    <subfield code="e">rda</subfield>
    <subfield code="c">DLC</subfield>
    <subfield code="d">DLC</subfield>
  </datafield>
  <datafield tag="130" ind1=" " ind2="0">
    <subfield code="a">Occasional publications in northeastern anthropology</subfield>
  </datafield>
  <datafield tag="410" ind1="2" ind2=" ">
    <subfield code="a">Franklin Pierce College.</subfield>
    <subfield code="b">Department of Anthropology.</subfield>
    <subfield code="t">Occasional publications in northeastern anthropology</subfield>
  </datafield>
  <datafield tag="642" ind1=" " ind2=" ">
    <subfield code="a">no. 7</subfield>
    <subfield code="5">DLC</subfield>
  </datafield>
  <datafield tag="643" ind1=" " ind2=" ">
    <subfield code="a">Bethlehem, CT</subfield>
    <subfield code="b">Archaeological Services</subfield>
    <subfield code="d">no.11-</subfield>
  </datafield>
  <datafield tag="643" ind1=" " ind2=" ">
    <subfield code="a">Rindge, NH</subfield>
    <subfield code="b">Dept. of Anthropology, Franklin Pierce College</subfield>
    <subfield code="d">no. 4-10</subfield>
  </datafield>
  <datafield tag="643" ind1=" " ind2=" ">
    <subfield code="a">George's Mill, N.H.</subfield>
    <subfield code="b">Man in the Northeast, Inc.</subfield>
    <subfield code="d">no. 1-3</subfield>
  </datafield>
  <datafield tag="644" ind1=" " ind2=" ">
    <subfield code="a">f</subfield>
    <subfield code="5">DLC</subfield>
  </datafield>
  <datafield tag="645" ind1=" " ind2=" ">
    <subfield code="a">t</subfield>
    <subfield code="5">DLC</subfield>
  </datafield>
  <datafield tag="646" ind1=" " ind2=" ">
    <subfield code="a">s</subfield>
    <subfield code="5">DLC</subfield>
  </datafield>
  <datafield tag="670" ind1=" " ind2=" ">
    <subfield code="a">Early and middle archaic cultures in the northeast, 1980:</subfield>
    <subfield code="b">cover</subfield>
  </datafield>
</record>